@book{razavi_rf,
  author    = {Behzad Razavi},
  title     = {RF Microelectronics},
  publisher = {Prentice Hall},
  year      = {2011}
}

@book{johns_analog,
  author    = {David A. Johns and Ken Martin},
  title     = {Analog Integrated Circuit Design},
  publisher = {Wiley},
  year      = {1997}
}

@article{leeson1966,
  author  = {D. B. Leeson},
  title   = {A Simple Model of Feedback Oscillator Noise Spectrum},
  journal = {Proceedings of the IEEE},
  year    = {1966},
  volume  = {54},
  number  = {2},
  pages   = {329-330}
}

@article{hajimiri1998,
  author  = {Ali Hajimiri and Thomas H. Lee},
  title   = {A General Theory of Phase Noise in Electrical Oscillators},
  journal = {IEEE Journal of Solid-State Circuits},
  year    = {1998},
  volume  = {33},
  number  = {2},
  pages   = {179-194}
}

@article{demir2000,
  author  = {Alper Demir},
  title   = {Phase Noise and Timing Jitter in Oscillators with Colored-Noise Sources},
  journal = {IEEE Transactions on Circuits and Systems I: Fundamental Theory and Applications},
  year    = {2000},
  volume  = {47},
  number  = {5},
  pages   = {655-674}
}

@article{adler1946,
  author  = {Robert Adler},
  title   = {A Study of Locking Phenomena in Oscillators},
  journal = {Proceedings of the IRE},
  year    = {1946},
  volume  = {34},
  number  = {6},
  pages   = {351-357}
}


