@book{sedra_smith,
  title={Microelectronic Circuits},
  author={Sedra, Adel S and Smith, Kenneth C},
  publisher={Oxford University Press},
  year={2020},
  edition={8th}
}

@book{razavi_analog,
  title={Design of Analog CMOS Integrated Circuits},
  author={Razavi, Behzad},
  publisher={McGraw-Hill},
  year={2016},
  edition={2nd}
}
